%\section{References}

%\begin{frame}
%   \frametitle{References}
%    \begin{itemize}
%        \item Henrik Sandberg - Kalman and The %Filter, Talk link: \url{https://youtu.be/ZwADI3PX0cA}
%    \end{itemize}
%\end{frame}

@misc{Henrik_KF,
  author    = {Henrik Sandberg},
  title     = {Kalman and The Filter},
  year      = {1984},
  note = {Available: \url{https://youtu.be/ZwADI3PX0cA}}
}

@article{fx1998introduction,
  title={An Introduction To Error Propagation: Derivation, Meaning and Examples of Equation $Cy= FxCxFx^T$},
  author={Kai Oliver Arras},
  year={1998},
  journal = {EPFL-ASL-TR-98-01 R3},
  note = {Available: \url{https://doi.org/10.3929/ethz-a-010113668}}
}


@inproceedings{julier1997new,
  title={New extension of the Kalman filter to nonlinear systems},
  author={Julier, Simon J and Uhlmann, Jeffrey K},
  booktitle={Signal processing, sensor fusion, and target recognition VI},
  volume={3068},
  pages={182--193},
  year={1997},
  organization={Spie}
}


@book{van2004sigma,
  title={Sigma-point Kalman filters for probabilistic inference in dynamic state-space models},
  author={Van Der Merwe, Rudolph},
  year={2004},
  publisher={Oregon Health \& Science University}
}


@article{elfring2021particle,
  title={Particle filters: A hands-on tutorial},
  author={Elfring, Jos and Torta, Elena and Van De Molengraft, Ren{\'e}},
  journal={Sensors},
  volume={21},
  number={2},
  pages={438},
  year={2021},
  publisher={MDPI},
  note = {Code: \url{https://github.com/jelfring/particle-filter-tutorial}}
}

@book{labbe2014kalman,
  title={Kalman and Bayesian filters in Python},
  author={Labbe, Roger},
  journal={Chap},
  volume={7},
  number={246},
  pages={4},
  year={2014}
}
note = {Code: \url{https://github.com/rlabbe/Kalman-and-Bayesian-Filters-in-Python}}
}

@book{labbe2014kalman,
  title={Kalman and Bayesian filters in Python},
  author={Labbe, Roger},
  year={2014},
  publisher={Creative Commons License}
}


@INPROCEEDINGS{Wan_SigmaPointModification_2000,
  author={Wan, E.A. and Van Der Merwe, R.},
  booktitle={Proceedings of the IEEE 2000 Adaptive Systems for Signal Processing, Communications, and Control Symposium (Cat. No.00EX373)}, 
  title={The unscented {K}alman filter for nonlinear estimation}, 
  year={2000},
  volume={},
  number={},
  pages={153-158},
  doi={10.1109/ASSPCC.2000.882463}}

@ARTICLE{Chang_Track2TrackFusion,
  author={Chang, K.C. and Saha, R.K. and Bar-Shalom, Y.},
  journal={IEEE Transactions on Aerospace and Electronic Systems}, 
  title={On optimal track-to-track fusion}, 
  year={1997},
  volume={33},
  number={4},
  pages={1271-1276}
}

@article{BarShalom1986TheEO,
  title={The Effect of the Common Process Noise on the Two-Sensor Fused-Track Covariance},
  author={Yaakov Bar-Shalom and L. Campo},
  journal={IEEE Transactions on Aerospace and Electronic Systems},
  year={1986},
  volume={AES-22},
  pages={803-805}
}